<collection xmlns="http://www.loc.gov/MARC21/slim"><record><leader>00860nam  2200241   450</leader><controlfield tag="001">865</controlfield><controlfield tag="003">http://montalegre.opacnet.com/OPAC/default.aspx?ContentAreaControl=ShowRegHoldings.ascx&amp;RegNo=16662</controlfield><datafield tag="021" ind1=" " ind2=" "><subfield code="a">PT</subfield><subfield code="b">14391/87</subfield></datafield><datafield tag="095" ind1=" " ind2=" "><subfield code="a">PTBN00041424</subfield></datafield><datafield tag="100" ind1=" " ind2=" "><subfield code="a">19870623d198     m  y0pora0103    ba</subfield></datafield><datafield tag="101" ind1="1" ind2=" "><subfield code="a">por</subfield><subfield code="c">fre</subfield></datafield><datafield tag="102" ind1=" " ind2=" "><subfield code="a">PT</subfield></datafield><datafield tag="200" ind1="1" ind2=" "><subfield code="a">&lt;Os &gt;filhos do capitão Grant</subfield><subfield code="f">Júlio Verne</subfield><subfield code="g">trad. Ana Rabaça</subfield></datafield><datafield tag="210" ind1=" " ind2=" "><subfield code="a">Mem Martins</subfield><subfield code="c">Europa-América</subfield><subfield code="d">D.L. 198 -</subfield></datafield><datafield tag="215" ind1=" " ind2=" "><subfield code="a">173 p.</subfield><subfield code="d">18 cm</subfield></datafield><datafield tag="225" ind1="2" ind2=" "><subfield code="a">Livros de bolso Europa-América</subfield><subfield code="v">481</subfield></datafield><datafield tag="304" ind1=" " ind2=" "><subfield code="a">Tít. orig. Les enfants du capitaine Grant</subfield></datafield><datafield tag="675" ind1=" " ind2=" "><subfield code="a">087.5</subfield><subfield code="v">BN</subfield><subfield code="z">por</subfield><subfield code="z">por</subfield></datafield><datafield tag="700" ind1=" " ind2="1"><subfield code="a">Verne</subfield><subfield code="b">Jules</subfield><subfield code="f">1828-1905</subfield><subfield code="3">27932</subfield></datafield><datafield tag="702" ind1=" " ind2="1"><subfield code="a">Rabaça</subfield><subfield code="b">Ana Maria</subfield><subfield code="4">730</subfield><subfield code="3">24332</subfield></datafield><datafield tag="801" ind1=" " ind2="0"><subfield code="a">PT</subfield><subfield code="b">Biblioteca Municipal de Montalegre</subfield><subfield code="g">RPC</subfield></datafield><datafield tag="856" ind1=" " ind2=" "><subfield code="u">locateMedia.asp?cod=20060627142124&amp;ext=jpg</subfield><subfield code="z">CAPA</subfield></datafield><datafield tag="909" ind1="&#9;" ind2=" "><subfield code="a">2</subfield></datafield><datafield tag="966" ind1=" " ind2=" "><subfield code="a">0003180</subfield><subfield code="l">BMM</subfield><subfield code="s">SJ 087.5 VER fil 481</subfield></datafield><datafield tag="966" ind1=" " ind2=" "><subfield code="a">0005526</subfield><subfield code="l">BMM</subfield><subfield code="s">SJ 087.5 VER fil 481 Vol.3</subfield></datafield></record></collection>